@article{cr-siggraph,
author = {Reynolds, Craig W.},
title = {Flocks, Herds and Schools: A Distributed Behavioral Model},
year = {1987},
issue_date = {July 1987},
publisher = {Association for Computing Machinery},
address = {New York, NY, USA},
volume = {21},
number = {4},
issn = {0097-8930},
url = {https://doi.org/10.1145/37402.37406},
doi = {10.1145/37402.37406},
journal = {SIGGRAPH Comput. Graph.},
month = {8},
pages = {25â€“34},
numpages = {10}
}


